@book{aggarwal2001surprising,
  title={On the surprising behavior of distance metrics in high dimensional space},
  author={Aggarwal, Charu C and Hinneburg, Alexander and Keim, Daniel A},
  year={2001},
  publisher={Springer}
}
@incollection{beyer1999nearest,
  title={When is “nearest neighbor” meaningful?},
  author={Beyer, Kevin and Goldstein, Jonathan and Ramakrishnan, Raghu and Shaft, Uri},
  booktitle={Database Theory - ICDT’99},
  pages={217--235},
  year={1999},
  publisher={Springer}
}
@book{bellman1961adaptive,
  title={Adaptive control processes: a guided tour},
  author={Bellman, Richard},
  volume={4},
  year={1961},
  publisher={Princeton university press Princeton}
}
@inproceedings{simlinf,
 author = {Sim, Kristy and Hartley, Richard},
 title = {Removing Outliers Using The $\mathcal{L}_{\infty}$ Norm},
 booktitle = {Proceedings of the 2006 IEEE Computer Society Conference on Computer Vision and Pattern Recognition - Volume 1},
 series = {CVPR '06},
 year = {2006},
 isbn = {0-7695-2597-0},
 pages = {485--494},
 numpages = {10},
 url = {http://dx.doi.org/10.1109/CVPR.2006.253},
 doi = {10.1109/CVPR.2006.253},
 acmid = {1153508},
 publisher = {IEEE Computer Society},
 address = {Washington, DC, USA},
} 
@book{hastie01statisticallearning,
  added-at = {2008-05-16T16:17:42.000+0200},
  address = {New York, NY, USA},
  author = {Hastie, Trevor and Tibshirani, Robert and Friedman, Jerome},
  biburl = {http://www.bibsonomy.org/bibtex/2f58afc5c9793fcc8ad8389824e57984c/sb3000},
  interhash = {d585aea274f2b9b228fc1629bc273644},
  intrahash = {f58afc5c9793fcc8ad8389824e57984c},
  keywords = {ml statistics},
  publisher = {Springer New York Inc.},
  series = {Springer Series in Statistics},
  timestamp = {2008-05-16T16:17:43.000+0200},
  title = {The Elements of Statistical Learning},
  year = 2001
}

@article{Bennett:2007:KCW:1345448.1345459,
 author = {Bennett, James and Elkan, Charles and Liu, Bing and Smyth, Padhraic and Tikk, Domonkos},
 title = {KDD Cup and Workshop 2007},
 journal = {SIGKDD Explor. Newsl.},
 issue_date = {December 2007},
 volume = {9},
 number = {2},
 month = dec,
 year = {2007},
 issn = {1931-0145},
 pages = {51--52},
 numpages = {2},
 url = {http://doi.acm.org/10.1145/1345448.1345459},
 doi = {10.1145/1345448.1345459},
 acmid = {1345459},
 publisher = {ACM},
 address = {New York, NY, USA},
 keywords = {KDD Cup, Netflix prize, collaborative filtering, recommendation},
} 


